<?xml version="1.0" encoding="UTF-8" ?>
<marc:collection xmlns:marc="http://www.loc.gov/MARC21/slim"
    xmlns:xsi="http://www.w3.org/2001/XMLSchema-instance"
    xsi:schemaLocation="http://www.loc.gov/MARC21/slim http://www.loc.gov/standards/marcxml/schema/MARC21slim.xsd">
    <marc:record>
        <marc:leader>02406cpcaa2200325Ii 4500</marc:leader>
        <marc:controlfield tag="001">003869967</marc:controlfield>
        <marc:controlfield tag="005">20190501161735.0</marc:controlfield>
        <marc:controlfield tag="008">190321i17571782ncu                 eng d</marc:controlfield>
        <marc:datafield tag="035" ind1=" " ind2=" ">
            <marc:subfield code="a">1090354864</marc:subfield>
        </marc:datafield>
        <marc:datafield tag="040" ind1=" " ind2=" ">
            <marc:subfield code="a">NDD</marc:subfield>
            <marc:subfield code="b">eng</marc:subfield>
            <marc:subfield code="e">dacs</marc:subfield>
            <marc:subfield code="e">rda</marc:subfield>
            <marc:subfield code="c">NDD</marc:subfield>
            <marc:subfield code="d">NDD</marc:subfield>
        </marc:datafield>
        <marc:datafield tag="041" ind1=" " ind2=" ">
            <marc:subfield code="a">eng</marc:subfield>
        </marc:datafield>
        <marc:datafield tag="049" ind1=" " ind2=" ">
            <marc:subfield code="a">NDDP</marc:subfield>
        </marc:datafield>
        <marc:datafield tag="100" ind1="1" ind2=" ">
            <marc:subfield code="a">Franklin, Benjamin,</marc:subfield>
            <marc:subfield code="d">1706-1790,</marc:subfield>
            <marc:subfield code="e">creator.</marc:subfield>
        </marc:datafield>
        <marc:datafield tag="245" ind1="1" ind2="0">
            <marc:subfield code="a">Benjamin Franklin papers,</marc:subfield>
            <marc:subfield code="f">1757-1782.</marc:subfield>
        </marc:datafield>
        <marc:datafield tag="264" ind1=" " ind2="0">
            <marc:subfield code="c">1757-1782.</marc:subfield>
        </marc:datafield>
        <marc:datafield tag="300" ind1=" " ind2=" ">
            <marc:subfield code="a">0.1 linear ft. (5 items)</marc:subfield>
        </marc:datafield>
        <marc:datafield tag="336" ind1=" " ind2=" ">
            <marc:subfield code="a">text</marc:subfield>
            <marc:subfield code="b">txt</marc:subfield>
            <marc:subfield code="2">rdacontent</marc:subfield>
        </marc:datafield>
        <marc:datafield tag="337" ind1=" " ind2=" ">
            <marc:subfield code="a">unmediated</marc:subfield>
            <marc:subfield code="b">n</marc:subfield>
            <marc:subfield code="2">rdamedia</marc:subfield>
        </marc:datafield>
        <marc:datafield tag="338" ind1=" " ind2=" ">
            <marc:subfield code="a">sheet</marc:subfield>
            <marc:subfield code="b">nb</marc:subfield>
            <marc:subfield code="2">rdacarrier</marc:subfield>
        </marc:datafield>
        <marc:datafield tag="520" ind1="8" ind2=" ">
            <marc:subfield code="a">Benjamin Franklin one of the founding fathers of the United States and a resident of Philadelphia, Pa. Franklin was also an author, printer, politician, postmaster, scientist, inventor, civic activist, statesman, and diplomat.</marc:subfield>
        </marc:datafield>
        <marc:datafield tag="545" ind1=" " ind2=" ">
            <marc:subfield code="a">Collection includes a copy of a letter from Benjamin Franklin written on behalf of the abolition society of Pennsylvania to John Langdon, President of New Hampshire, stating that enslaved people were brought into the southern states in ships owned by residents of New Hampshire, and hoping that Langdon will put a stop to this practice.</marc:subfield>
        </marc:datafield>
        <marc:datafield tag="545" ind1=" " ind2=" ">
            <marc:subfield code="a">Collection includes a letter of introduction for two young men named Mitford written by Richard Price. Price states that a great revolution has taken place in England, and that he hopes that those now in positions of Influence within the Government will prove themselves to be friends of liberty and justice, and that the war between England and the Colonies will soon be terminated.</marc:subfield>
        </marc:datafield>
        <marc:datafield tag="545" ind1=" " ind2=" ">
            <marc:subfield code="a">Collection includes a print of the printing press at which Benjamin Franklin first worked as a journeyman with attached letters verifying that this press is the one at which Franklin first worked; a receipt of March 24, 1757, from Franklin to John Hughes for his gift of thirty-two dollars to the Society for Promoting Arts and Manufactures, and for eight dollars to be spent by Franklin for a thermometer and barometer. This item is framed with three lithographs of Franklin. It was transferred to President Knight's office as a permanent loan.</marc:subfield>
        </marc:datafield>
        <marc:datafield tag="600" ind1="1" ind2="0">
            <marc:subfield code="a">Franklin, Benjamin,</marc:subfield>
            <marc:subfield code="d">1706-1790.</marc:subfield>
        </marc:datafield>
        <marc:datafield tag="600" ind1="1" ind2="0">
            <marc:subfield code="a">Langdon, John,</marc:subfield>
            <marc:subfield code="d">1741-1819.</marc:subfield>
        </marc:datafield>
        <marc:datafield tag="651" ind1=" " ind2="0">
            <marc:subfield code="a">Philadelphia (Pa.)</marc:subfield>
        </marc:datafield>
        <marc:datafield tag="600" ind1="0" ind2="0">
            <marc:subfield code="a">Abolitionist.</marc:subfield>
        </marc:datafield>
        <marc:datafield tag="650" ind1=" " ind2="0">
            <marc:subfield code="a">Slave trade</marc:subfield>
            <marc:subfield code="z">America</marc:subfield>
            <marc:subfield code="x">History.</marc:subfield>
        </marc:datafield>
        <marc:datafield tag="650" ind1=" " ind2="0">
            <marc:subfield code="a">Immigrants</marc:subfield>
            <marc:subfield code="z">America</marc:subfield>
            <marc:subfield code="x">History</marc:subfield>
            <marc:subfield code="y">18th century.</marc:subfield>
        </marc:datafield>
        <marc:datafield tag="650" ind1=" " ind2="0">
            <marc:subfield code="a">Printing presses</marc:subfield>
            <marc:subfield code="y">1750-1790.</marc:subfield>
        </marc:datafield>
    </marc:record>